@article{borLORAforIOT,
  title={LoRa for the Internet of Things},
  author={Bor, Martin and Vidler, John Edward and Roedig, Utz},
  year={2016},
  publisher={Junction Publishing}
}
@inproceedings{ouluPetajajarvi,
  title={On the coverage of LPWANs: range evaluation and channel attenuation model for LoRa technology},
  author={Pet{\"a}j{\"a}j{\"a}rvi, Juha and Mikhaylov, Konstantin and Roivainen, Antti and Hanninen, Tuomo and Pettissalo, Marko},
  booktitle={ITS Telecommunications (ITST), 2015 14th International Conference on},
  pages={55--59},
  year={2015},
  organization={IEEE}
}
@misc{loraCALCULATOR,
  author = {Semtech},
  title = {LoRa Calculator: fast evaluation of link budget, time on air and energy consumption},
  url = {http://www.semtech.com/wireless-rf/rf-transceivers/sx1272/},
  year =  {2017},
  month =  {5}
}

@manual{lora:sx1272/73,
    organization  = {Semtech},
    title         = {LoRa 860 MHz to 1020 MHz Low Power Long Range Transceiver},
    number        = {SX1272/73},
    year          =  {2017},
    month         =  {3},    
    note          = {Rev.3.1}
}